101 064109565 0631167372208080844D094101LINEAGE BANK - SYNAPSE South State Bank               
5220Utoppia, Inc.                       9320517957PPDTransfer        2208062201211075080000001
622064109565441045351931     0000000150XFN2TE919ILYW6RGuido Ferrari           0211075080357976
822000000100064109560000000000000000000001509320517957                         211075080000001
5200SynapsePay*QA                       1465396710CCDQA*C            2208072201073923090000002
6320641095654246921542       0000000390                                       1073923090000003
705local_6be7c44dd0d7416b90d2f4b3/This is where user memo information would go.    00010000003
820000000200064109560000000000000000000003901465396710                         073923090000002
5200SynapsePay*Web                      1465396710WEBDEBIT           2208052201084106760000003
6210641095659801861777       0000000105               Sankaet Pathak          1084106760163472
799R02064109560000003      08410676RET_62eda54638a8af41a6d226ec/62ed14b84c616cc084106760163472
820000000200064109560000000000000000000001051465396710                         084106760000003
9000003000002000000050019232868000000000000000000000645                                       
9999999999999999999999999999999999999999999999999999999999999999999999999999999999999999999999
9999999999999999999999999999999999999999999999999999999999999999999999999999999999999999999999
9999999999999999999999999999999999999999999999999999999999999999999999999999999999999999999999
9999999999999999999999999999999999999999999999999999999999999999999999999999999999999999999999
9999999999999999999999999999999999999999999999999999999999999999999999999999999999999999999999
9999999999999999999999999999999999999999999999999999999999999999999999999999999999999999999999
9999999999999999999999999999999999999999999999999999999999999999999999999999999999999999999999